<?xml version="1.0" encoding="UTF-8"?><collection xmlns="http://www.loc.gov/MARC21/slim"><record><leader>00403nam--2200109-i-4500</leader><controlfield tag="001">000045950</controlfield><controlfield tag="002">20161230</controlfield><controlfield tag="005">20161230201045</controlfield><controlfield tag="008">060222s1000------------r-----000-0-eng-d</controlfield><datafield ind1=" " ind2=" " tag="245"><subfield code="a">Valorificarea elementelor rare si disperse din minereuri. sesiunea tehnico-stiintifica a sectiei chimie-metalulrgie neferoasa, baia-mare, 25-26 nov., 1960</subfield></datafield><datafield ind1=" " ind2=" " tag="260"><subfield code="a">Baia-mare, Asit-filiala Regionala, 1960, 168p</subfield></datafield><datafield ind1=" " ind2=" " tag="852"><subfield code="a">3081</subfield></datafield></record></collection>